<record><leader>00000cas a22000007a 4500</leader><controlfield tag="001">11172031</controlfield><controlfield tag="008">840919d18561965inuwr ne      0    0eng d</controlfield><controlfield tag="009">3768</controlfield><datafield ind1=" " ind2=" " tag="010"><subfield code="a">sn 84038000 </subfield></datafield><datafield ind1=" " ind2=" " tag="040"><subfield code="a">NPX</subfield><subfield code="b">eng</subfield><subfield code="c">NPX</subfield><subfield code="d">NPU</subfield><subfield code="d">NPI</subfield><subfield code="d">OCLCQ</subfield></datafield><datafield ind1=" " ind2=" " tag="042"><subfield code="a">msc</subfield></datafield><datafield ind1="0" ind2="0" tag="245"><subfield code="a">Peru Republican.</subfield></datafield><datafield ind1=" " ind2=" " tag="260"><subfield code="a">Peru, Ind. :</subfield><subfield code="b">E.P. Loveland,</subfield><subfield code="c">1856-1965.</subfield></datafield><datafield ind1=" " ind2=" " tag="300"><subfield code="a">108 v. ;</subfield><subfield code="c">70 cm.</subfield></datafield><datafield ind1=" " ind2=" " tag="310"><subfield code="a">Weekly</subfield></datafield><datafield ind1="0" ind2=" " tag="362"><subfield code="a">Vol. 1, no. 1 (Oct. 9, 1856)-v. 108, no. 52 (Sept. 23, 1965).</subfield></datafield><datafield ind1=" " ind2=" " tag="752"><subfield code="a">United States</subfield><subfield code="b">Indiana</subfield><subfield code="c">Miami</subfield><subfield code="d">Peru.</subfield></datafield><datafield ind1="0" ind2="0" tag="780"><subfield code="t">Peru weekly news</subfield><subfield code="w">(DLC)sn 87055319</subfield></datafield><datafield ind1="0" ind2="7" tag="785"><subfield code="t">Denver tribune (Denver, Ind.)</subfield><subfield code="w">(DLC)sn 87055329</subfield></datafield><datafield ind1="0" ind2="7" tag="785"><subfield code="t">Wabash Valley times</subfield><subfield code="w">(DLC)sn 87097008</subfield></datafield></record>